


% Better BibLaTeX: pinned
@misc{Adamidis,
	title = {{Εξελικτικοί Αλγόριθμοι}},
	url = {http://hydra.it.teithe.gr/\%7Eadamidis/IntelSys/EA\_notes.pdf},
	shorttitle = {{Ekseliktikoi}},
	language = {greek},
	author = {Αδαμίδης, Παναγιώτης},
	urldate = {2014-04-28},
	date = {1999-05},
	file = {Microsoft Word - EA_notes.doc - EA_notes.pdf:C\:\\Users\\Mike\\AppData\\Roaming\\Mozilla\\Firefox\\Profiles\\pciuor0q.default\\zotero\\storage\\75Q55KK6\\EA_notes.pdf:application/pdf}
}

% Better BibLaTeX: pinned
@inreference{_evolutionary_2014,
	title = {{Evolutionary algorithm}},
	rights = {{Creative Commons Attribution-ShareAlike License}},
	url = {http://en.wikipedia.org/w/index.php?title=Evolutionary\_algorithm\&oldid=602085577},
	abstract = {In artificial intelligence, an evolutionary algorithm (EA) is a subset of evolutionary computation, a generic population-based metaheuristic optimization algorithm. An EA uses mechanisms inspired by biological evolution, such as reproduction, mutation, recombination, and selection. Candidate solutions to the optimization problem play the role of individuals in a population, and the fitness function determines the quality of the solutions (see also loss function). Evolution of the population then takes place after the repeated application of the above operators. Artificial evolution (AE) describes a process involving individual evolutionary algorithms; EAs are individual components that participate in an AE.},
	language = {english},
	booktitle = {{Wikipedia, the free encyclopedia}},
	urldate = {2014-04-28},
	date = {2014-04-18},
	note = {Page Version ID: 602085577}
}

% Better BibLaTeX: pinned
@mvbook{Melanie1999,
	title = {{An introduction to genetic algorithms}},
	volume = {{3}},
	url = {https://svn-d1.mpi-inf.mpg.de/AG1/MultiCoreLab/papers/ebook-fuzzy-mitchell-99.pdf},
	publisher = {{Cambridge, Massachusetts London, England, Fifth printing}},
	author = {Melanie, Mitchell},
	urldate = {2014-04-28},
	date = {1999},
	file = {ebook-fuzzy-mitchell-99.pdf:C\:\\Users\\Mike\\AppData\\Roaming\\Mozilla\\Firefox\\Profiles\\pciuor0q.default\\zotero\\storage\\NQEHAIFD\\ebook-fuzzy-mitchell-99.pdf:application/pdf}
}

% Better BibLaTeX: pinned
@unpublished{Lehre,
	title = {{Introduction to Evolutionary Computation and Evolutionary Computation Module Tutorial 03 - Tutorial03.pdf}},
	url = {http://www.cs.bham.ac.uk/~pkl/teaching/2008/ec/lecture\_notes/Tutorial03.pdf},
	author = {Lehre, Kristian},
	urldate = {2014-04-28},
	file = {Introduction to Evolutionary Computation and Evolutionary Computation Module Tutorial 03 - Tutorial03.pdf:C\:\\Users\\Mike\\AppData\\Roaming\\Mozilla\\Firefox\\Profiles\\pciuor0q.default\\zotero\\storage\\VSBPN3V2\\Tutorial03.pdf:application/pdf}
}

% Better BibLaTeX: pinned
@online{Obitko,
	title = {{Encoding - Introduction to Genetic Algorithms - Tutorial with Interactive Java Applets}},
	url = {http://www.obitko.com/tutorials/genetic-algorithms/encoding.php},
	author = {Obitko, Marek},
	urldate = {2014-04-28},
	file = {Encoding - Introduction to Genetic Algorithms - Tutorial with Interactive Java Applets:C\:\\Users\\Mike\\AppData\\Roaming\\Mozilla\\Firefox\\Profiles\\pciuor0q.default\\zotero\\storage\\ZGNNFT8P\\encoding.html:text/html}
}

% Better BibLaTeX: pinned
@article{Gotshall2008,
	title = {{Optimal population size and the genetic algorithm}},
	volume = {{100}},
	url = {http://citeseerx.ist.psu.edu/viewdoc/download?doi=10.1.1.105.2431\&rep=rep1\&type=pdf},
	pages = {900},
	number = {400},
	journaltitle = {{Population}},
	author = {Gotshall, Stanley and Rylander, Bart},
	urldate = {2014-04-28},
	date = {2008},
	file = {download:C\:\\Users\\Mike\\AppData\\Roaming\\Mozilla\\Firefox\\Profiles\\pciuor0q.default\\zotero\\storage\\BSXPID6I\\download.pdf:application/pdf}
}

% Better BibLaTeX: pinned
@online{zotero-PNQJ3TKI,
	title = {{Genetic Algorithms: Mutation}},
	url = {http://www.nd.com/products/genetic/mutation.htm},
	urldate = {2014-04-28},
	file = {Genetic Algorithms: Mutation:C\:\\Users\\Mike\\AppData\\Roaming\\Mozilla\\Firefox\\Profiles\\pciuor0q.default\\zotero\\storage\\3CTT3PHK\\mutation.html:text/html}
}

% Better BibLaTeX: pinned
@mvbook{Vlaxavas,
	title = {{Τεχνητή Νοημοσύνη}},
	volume = {{3}},
	isbn = {960-387-431-0},
	url = {http://aibook.csd.auth.gr/},
	pagetotal = {864},
	language = {Greek},
	publisher = {{Βασίλειος Γκιούρδας}},
	author = {Βλαχάβας, Ιωάννης and Κεφαλάς, Πέτρος and Βασιλειάδης, Νικόλαος and Κόκκορας, Φώτης and Σακελλαρίου, Ηλίας},
	date = {2006-02}
}

% Better BibLaTeX: pinned
@online{opc_fig,
	title = {{One point crossover: based on the png file, simply created vector version}},
	url = {http://commons.wikimedia.org/wiki/File:OnePointCrossover.svg},
	shorttitle = {{One point crossover}},
	titleaddon = {{Wikimedia Commons}},
	author = {{R0oland}},
	urldate = {2014-05-01},
	date = {2013-12-01},
	file = {Wikimedia Image:C\:\\Users\\Mike\\AppData\\Roaming\\Mozilla\\Firefox\\Profiles\\pciuor0q.default\\zotero\\storage\\42GFCMKH\\OnePointCrossover.svg:image/svg+xml;Wikimedia Snapshot:C\:\\Users\\Mike\\AppData\\Roaming\\Mozilla\\Firefox\\Profiles\\pciuor0q.default\\zotero\\storage\\NNNW59RU\\FileOnePointCrossover.html:text/html}
}

% Better BibLaTeX: pinned
@online{tpc_fig,
	title = {{Two point crossover: Made a vector graphics version of the original, bad resolution png file.}},
	url = {http://commons.wikimedia.org/wiki/File:TwoPointCrossover.svg},
	shorttitle = {{Two point crossover}},
	author = {{R0oland}},
	urldate = {2014-05-01},
	date = {2013-12-01},
	file = {Wikimedia Image:C\:\\Users\\Mike\\AppData\\Roaming\\Mozilla\\Firefox\\Profiles\\pciuor0q.default\\zotero\\storage\\U67WFWE4\\TwoPointCrossover.svg:image/svg+xml;Wikimedia Snapshot:C\:\\Users\\Mike\\AppData\\Roaming\\Mozilla\\Firefox\\Profiles\\pciuor0q.default\\zotero\\storage\\SI5MU2GI\\FileTwoPointCrossover.html:text/html}
}

% Better BibLaTeX: pinned
@online{manlio2014,
	title = {{Genetic Programming : Difference between Roulette Rank and Tournament Selection}},
	url = {http://stackoverflow.com/questions/23183862/genetic-programming-difference-between-roulette-rank-and-tournament-selection},
	shorttitle = {{Genetic Programming}},
	abstract = {Roulette wheel selection (aka Fitness proportionate selection)

The fitness is used to associate a probability of selection to each individual.

If fi  is the fitness of individual i in the populat...},
	author = {{manlio}},
	urldate = {2014-05-07},
	date = {2014-04-21},
	file = {Snapshot:C\:\\Users\\Mike\\AppData\\Roaming\\Mozilla\\Firefox\\Profiles\\pciuor0q.default\\zotero\\storage\\A5RXSRTJ\\23193432.html:text/html}
}